Ticker Symbol,Date,Revenue,Revenue Growth,Cost of Revenue,Gross Profit,R&D Expenses,SG&A Expenses,Operating Expenses,Operating Income,Interest Expense,Earnings before Tax,Income Tax Expense,Net Income,EPS Diluted,Weighted Average Shs Out,Divident Per Share,Gross Margin,Consolidated Income,Net Profit Margin
AAPL,2019-09-28,2.60174e+11,-0.0204107758053,1.61782e+11,98392000000.0,16217000000.0,18245000000.0,34462000000.0,63930000000.0,3576000000.0,65737000000.0,10481000000.0,55256000000.0,11.89,4617834000.0,3.03705403822,0.37817768109,55256000000.0,0.21238094506
AAPL,2018-09-29,2.65595e+11,0.158619576503,1.63756e+11,1.01839e+11,14236000000.0,16705000000.0,30941000000.0,70898000000.0,3240000000.0,72903000000.0,13372000000.0,59531000000.0,11.91,4955377000.0,2.74234021698,0.3834371882,59531000000.0,0.224142020746
AAPL,2017-09-30,2.29234e+11,0.063045181994,1.41048e+11,88186000000.0,11581000000.0,15261000000.0,26842000000.0,61344000000.0,2323000000.0,64089000000.0,15738000000.0,48351000000.0,9.21,5217242000.0,2.43140686849,0.384698604919,48351000000.0,0.210924208451
AAPL,2016-09-24,2.15639e+11,-0.077342061913,1.31376e+11,84263000000.0,10045000000.0,14194000000.0,24239000000.0,60024000000.0,1456000000.0,61372000000.0,15685000000.0,45687000000.0,8.31,5470820000.0,2.20897805039,0.390759556481,45687000000.0,0.211867983064
AXP,2019-12-31,43556000000.0,0.0797758936982,0.0,0.0,0.0,5911000000.0,5911000000.0,8429000000.0,3464000000.0,8429000000.0,1670000000.0,6759000000.0,7.99,828000000.0,1.71325301205,0.0,6759000000.0,0.155179538984
AXP,2018-12-31,40338000000.0,0.205162678139,0.0,0.0,0.0,5250000000.0,5250000000.0,8122000000.0,2943000000.0,8122000000.0,1201000000.0,6921000000.0,7.91,856000000.0,1.54132712456,0.0,6921000000.0,0.171575189647
AXP,2017-12-31,33471000000.0,4.79986137584,0.0,0.0,276000000.0,5258000000.0,5534000000.0,7414000000.0,2112000000.0,7414000000.0,4678000000.0,2736000000.0,2.97,883000000.0,1.41196388262,0.0,2736000000.0,0.081742403872
AXP,2016-12-31,5771000000.0,-0.0254981425194,0.0,0.0,302000000.0,5259000000.0,5561000000.0,8096000000.0,1704000000.0,8096000000.0,2688000000.0,5408000000.0,5.65,933000000.0,1.29090909091,0.0,5408000000.0,0.937099289551
BA,2019-12-31,76559000000.0,0.0,72093000000.0,4466000000.0,3219000000.0,3909000000.0,7128000000.0,-1975000000.0,722000000.0,-2259000000.0,-1623000000.0,-636000000.0,-1.12,565400000.0,8.18021201413,0.0583340952729,-636000000.0,-0.00830731853864
BA,2018-12-31,1.01127e+11,0.0,81490000000.0,19637000000.0,3269000000.0,4567000000.0,7836000000.0,11987000000.0,475000000.0,11604000000.0,1144000000.0,10460000000.0,17.85,579200000.0,6.80462148646,0.194181573665,10460000000.0,0.10343429549
BA,2017-12-31,93392000000.0,0.0,76066000000.0,17326000000.0,3179000000.0,4094000000.0,7273000000.0,10278000000.0,360000000.0,10047000000.0,1850000000.0,8197000000.0,13.43,602500000.0,5.66478779841,0.185519102279,8197000000.0,0.0877698303923
BA,2016-12-31,94571000000.0,0.0,80790000000.0,13781000000.0,4627000000.0,3616000000.0,8243000000.0,5834000000.0,306000000.0,5568000000.0,673000000.0,4895000000.0,7.61,635500000.0,4.32992930086,0.145721204175,4895000000.0,0.0517600532933
CAT,2019-12-31,53800000000.0,-0.016848799386,36630000000.0,17170000000.0,1693000000.0,5162000000.0,45510000000.0,8290000000.0,0.0,7812000000.0,1746000000.0,6093000000.0,10.74,561600000.0,3.75682819383,0.319144981413,6093000000.0,0.113252788104
CAT,2018-12-31,54722000000.0,0.203686595398,36997000000.0,17725000000.0,1850000000.0,5478000000.0,46429000000.0,8293000000.0,0.0,5667000000.0,1698000000.0,6147000000.0,10.26,591400000.0,3.25492158825,0.323909944812,6147000000.0,0.112331420635
CAT,2017-12-31,45462000000.0,0.179697433635,31049000000.0,14413000000.0,1905000000.0,5177000000.0,41056000000.0,4406000000.0,0.0,4082000000.0,3339000000.0,754000000.0,1.26,591800000.0,3.05523110295,0.317034006423,754000000.0,0.0165852800141
CAT,2016-12-31,38537000000.0,-0.18025568484,28309000000.0,10228000000.0,1951000000.0,4686000000.0,38039000000.0,498000000.0,0.0,139000000.0,192000000.0,-67000000.0,-0.11,584300000.0,3.07889782646,0.265407270934,-67000000.0,-0.0017385888886
CSCO,2019-07-27,51904000000.0,0.0521792012974,19238000000.0,32666000000.0,6577000000.0,11398000000.0,18447000000.0,14219000000.0,859000000.0,14571000000.0,2950000000.0,11621000000.0,2.61,4419000000.0,1.34269032113,0.629354192355,11621000000.0,0.223894112207
CSCO,2018-07-28,49330000000.0,0.0276012915321,18724000000.0,30606000000.0,6332000000.0,11386000000.0,18297000000.0,12309000000.0,943000000.0,13039000000.0,12929000000.0,110000000.0,0.02,4837000000.0,1.22925629994,0.620433813095,110000000.0,0.00222988039732
CSCO,2017-07-29,48005000000.0,-0.0252198103438,17781000000.0,30224000000.0,6059000000.0,11177000000.0,18251000000.0,11973000000.0,861000000.0,12287000000.0,2678000000.0,9609000000.0,1.9,5010000000.0,1.09150326797,0.62960108322,9609000000.0,0.200166649307
CSCO,2016-07-30,49247000000.0,0.00174935416285,18287000000.0,30960000000.0,6296000000.0,11433000000.0,18300000000.0,12660000000.0,676000000.0,12920000000.0,2181000000.0,10739000000.0,2.11,5053000000.0,0.93356918239,0.628667736106,10739000000.0,0.21806404451
CVX,2019-12-31,1.46516e+11,-0.119172292728,80113000000.0,66403000000.0,770000000.0,4143000000.0,5330000000.0,5536000000.0,761000000.0,5536000000.0,2691000000.0,2924000000.0,1.54,1882000000.0,4.72770448549,0.453213300936,2924000000.0,0.0199568647793
CVX,2018-12-31,1.66339e+11,0.173699213954,94578000000.0,71761000000.0,1210000000.0,3838000000.0,5608000000.0,20575000000.0,713000000.0,20575000000.0,5715000000.0,14824000000.0,7.74,1898000000.0,4.44200626959,0.431414160239,14824000000.0,0.0891192083636
CVX,2017-12-31,1.41722e+11,0.238049479349,19437000000.0,1.22285e+11,864000000.0,4448000000.0,5312000000.0,9221000000.0,264000000.0,9221000000.0,-48000000.0,9195000000.0,4.85,1883000000.0,4.28451001054,0.86285121576,9195000000.0,0.064880540777
CVX,2016-12-31,1.14472e+11,-0.173350087018,20268000000.0,94204000000.0,1033000000.0,4684000000.0,5717000000.0,-2160000000.0,168000000.0,-2160000000.0,-1729000000.0,-497000000.0,-0.27,1873000000.0,4.28830752803,0.822943601929,-497000000.0,-0.00434167307289
DIS,2019-09-28,69570000000.0,0.170542113942,36450000000.0,33120000000.0,0.0,11541000000.0,10563000000.0,13944000000.0,1246000000.0,13944000000.0,3031000000.0,11054000000.0,6.64,1656000000.0,1.73769507803,0.476067270375,11054000000.0,0.15889032629
DIS,2018-09-29,59434000000.0,0.0779331483396,32726000000.0,26708000000.0,0.0,8860000000.0,11904000000.0,14804000000.0,574000000.0,14261000000.0,1663000000.0,12598000000.0,8.36,1487242596.0,1.68,0.4494,13066000000.0,0.212
DIS,2017-09-30,55137000000.0,-0.0088977566868,30306000000.0,24831000000.0,0.0,8176000000.0,11056000000.0,13775000000.0,385000000.0,13402000000.0,4422000000.0,8980000000.0,5.69,1543480961.0,1.56,0.4504,9366000000.0,0.1629
DIS,2016-10-01,55632000000.0,0.0603640522253,29993000000.0,25639000000.0,0.0,8754000000.0,11437000000.0,14202000000.0,260000000.0,14469000000.0,5078000000.0,9391000000.0,5.73,1607101183.0,1.42,0.4609,9790000000.0,0.1688
DOW,2019-12-31,42951000000.0,-0.287451474833,36657000000.0,6294000000.0,765000000.0,1590000000.0,2774000000.0,-1247000000.0,0.0,-1247000000.0,470000000.0,-1359000000.0,-1.84,742500000.0,0.720538720539,0.146539079416,-1359000000.0,-0.031640706852
DOW,2018-12-31,60278000000.0,0.0859335591266,47705000000.0,12573000000.0,1536000000.0,2846000000.0,6487000000.0,6086000000.0,1118000000.0,5784000000.0,1285000000.0,4499000000.0,6.03,751587352.0,0.0,0.2086,4633000000.0,0.0746
DOW,2017-12-31,55508000000.0,0.152622617218,43612000000.0,11896000000.0,1648000000.0,2920000000.0,8883000000.0,3013000000.0,976000000.0,2670000000.0,2204000000.0,466000000.0,0.63,751587352.0,0.0,0.2143,595000000.0,0.0084
DOW,2016-12-31,48158000000.0,-0.0127106482431,37668000000.0,10490000000.0,1593000000.0,2953000000.0,5661000000.0,4829000000.0,858000000.0,4327000000.0,9000000.0,4318000000.0,5.76,,0.0,0.2178,4404000000.0,0.0897
GS,2018-12-31,36616000000.0,0.141645620927,0.0,0.0,1023000000.0,12328000000.0,13351000000.0,12481000000.0,15912000000.0,12481000000.0,2022000000.0,10459000000.0,25.27,385400000.0,4.63864684777,0.0,10459000000.0,0.285640157308
GS,2017-12-31,32073000000.0,0.0478633037114,0.0,0.0,897000000.0,11853000000.0,12750000000.0,11132000000.0,10181000000.0,11132000000.0,6846000000.0,4286000000.0,9.01,401600000.0,4.32412613053,0.0,4286000000.0,0.133632650516
GS,2016-12-31,30608000000.0,-0.0949733885275,0.0,0.0,809000000.0,11647000000.0,12456000000.0,10304000000.0,7104000000.0,10304000000.0,2906000000.0,7398000000.0,16.29,427400000.0,3.92093771547,0.0,7398000000.0,0.241701515944
GS,2015-12-31,33820000000.0,-0.0205050973123,0.0,0.0,806000000.0,12678000000.0,13484000000.0,8778000000.0,5388000000.0,8778000000.0,2695000000.0,6083000000.0,12.14,448900000.0,3.66550370693,0.0,6083000000.0,0.179863985807
HD,2020-02-02,1.10225e+11,0.0186870974003,72653000000.0,37572000000.0,0.0,19740000000.0,21729000000.0,15843000000.0,1201000000.0,14715000000.0,3473000000.0,11242000000.0,10.25,1093000000.0,5.43117593437,0.340866409617,11242000000.0,0.101991381266
HD,2019-02-03,1.08203e+11,0.0723360818203,71043000000.0,37160000000.0,0.0,19513000000.0,21630000000.0,15530000000.0,1051000000.0,14556000000.0,3435000000.0,11121000000.0,9.73,1137000000.0,4.1154855643,0.343428555585,11121000000.0,0.102779035701
HD,2018-01-28,1.00904e+11,0.066694857022,66548000000.0,34356000000.0,0.0,17864000000.0,19675000000.0,14681000000.0,1057000000.0,13698000000.0,5068000000.0,8630000000.0,7.29,1178000000.0,3.55743243243,0.340482042337,8630000000.0,0.08552683739
HD,2017-01-29,94595000000.0,0.068640630825,62282000000.0,32313000000.0,0.0,17132000000.0,18886000000.0,13427000000.0,972000000.0,12491000000.0,4534000000.0,7957000000.0,6.45,1229000000.0,2.7585089141,0.341593107458,7957000000.0,0.0841164966436
IBM,2019-12-31,77147000000.0,-0.0307069894837,40659000000.0,36488000000.0,5989000000.0,20604000000.0,26593000000.0,10166000000.0,1344000000.0,10166000000.0,731000000.0,9431000000.0,10.56,887235105.0,6.3921533362,0.472967192503,9431000000.0,0.12224713858
IBM,2018-12-31,79591000000.0,0.00571146969257,42655000000.0,36936000000.0,5379000000.0,19366000000.0,24745000000.0,11342000000.0,723000000.0,11342000000.0,2619000000.0,8728000000.0,9.52,912048072.0,6.18345829219,0.464072571019,8728000000.0,0.109660640022
IBM,2017-12-31,79139000000.0,-0.0097598818804,42913000000.0,36227000000.0,5787000000.0,20107000000.0,25894000000.0,11400000000.0,615000000.0,11400000000.0,5642000000.0,5753000000.0,6.14,932828295.0,5.87378326823,0.457764187063,5753000000.0,0.0726948786313
IBM,2016-12-31,79919000000.0,-0.0222899157094,41625000000.0,38294000000.0,5751000000.0,21069000000.0,26820000000.0,12330000000.0,630000000.0,12330000000.0,449000000.0,11872000000.0,12.38,955422530.0,5.48234350204,0.479160149652,11872000000.0,0.148550407287
INTC,2019-12-28,71965000000.0,0.0157661472448,29825000000.0,42140000000.0,13362000000.0,6150000000.0,20105000000.0,22035000000.0,489000000.0,24058000000.0,3010000000.0,21048000000.0,4.71,4417000000.0,1.24659065504,0.585562426179,21048000000.0,0.292475508928
INTC,2018-12-29,70848000000.0,0.128853906088,27111000000.0,43737000000.0,13543000000.0,6750000000.0,20421000000.0,23316000000.0,468000000.0,23317000000.0,2264000000.0,21053000000.0,4.48,4611000000.0,1.17868538609,0.617335704607,21053000000.0,0.29715729449
INTC,2017-12-30,62761000000.0,0.0568137807938,23692000000.0,39069000000.0,13098000000.0,7474000000.0,21133000000.0,17936000000.0,646000000.0,20352000000.0,10751000000.0,9601000000.0,1.99,4701000000.0,1.04901758014,0.622504421536,9601000000.0,0.152977167349
INTC,2016-12-31,59387000000.0,0.0728389486045,23196000000.0,36191000000.0,12740000000.0,8397000000.0,23317000000.0,12874000000.0,733000000.0,12936000000.0,2620000000.0,10316000000.0,2.12,4730000000.0,1.01025641026,0.609409466718,10316000000.0,0.173708050583
JNJ,2019-12-29,82059000000.0,0.00585920741349,27556000000.0,54503000000.0,11355000000.0,22178000000.0,33533000000.0,15119000000.0,318000000.0,14450000000.0,2209000000.0,15119000000.0,5.63,2645100000.0,3.69444547927,0.664192836861,15119000000.0,0.184245481909
JNJ,2018-12-31,81581000000.0,0.0,27091000000.0,54490000000.0,10775000000.0,22540000000.0,33315000000.0,17999000000.0,1005000000.0,17999000000.0,2702000000.0,15297000000.0,5.61,2681500000.0,3.47931249313,0.667925129626,15297000000.0,0.187506894988
JNJ,2018-12-30,81581000000.0,0.0671157619359,27091000000.0,54490000000.0,10775000000.0,22540000000.0,32831000000.0,19798000000.0,934000000.0,17999000000.0,2702000000.0,1300000000.0,5.61,2681977969.0,3.32,0.6679,1300000000.0,0.017
JNJ,2017-12-31,76450000000.0,0.0634302406454,25354000000.0,51096000000.0,10554000000.0,21420000000.0,31974000000.0,17673000000.0,934000000.0,17673000000.0,16373000000.0,1300000000.0,0.47,2692000000.0,3.25756747896,0.668358404186,1300000000.0,0.0170045781557
JPM,2019-12-31,1.15627e+11,0.0605160095021,0.0,0.0,9821000000.0,34155000000.0,43976000000.0,44545000000.0,26795000000.0,44545000000.0,8114000000.0,36431000000.0,10.72,3221500000.0,3.82088905399,0.0,36431000000.0,0.315073468999
JPM,2018-12-31,1.09029e+11,0.0944049626596,0.0,0.0,8802000000.0,33117000000.0,41919000000.0,40764000000.0,22383000000.0,40764000000.0,8290000000.0,32474000000.0,9.0,3396400000.0,2.96104276508,0.0,32474000000.0,0.297847361711
JPM,2017-12-31,99624000000.0,0.041351340051,0.0,0.0,7706000000.0,31009000000.0,38715000000.0,35900000000.0,14275000000.0,35900000000.0,11459000000.0,24441000000.0,6.31,3551600000.0,2.51425855513,0.0,24441000000.0,0.245332450012
JPM,2016-12-31,95668000000.0,0.0227168254172,0.0,0.0,6846000000.0,29979000000.0,36825000000.0,34536000000.0,9818000000.0,34536000000.0,9803000000.0,24733000000.0,6.19,3618500000.0,2.32231903118,0.0,24733000000.0,0.258529497847
KO,2019-12-31,37266000000.0,0.169826720241,14619000000.0,22647000000.0,0.0,12103000000.0,12103000000.0,10086000000.0,946000000.0,10786000000.0,1801000000.0,8920000000.0,2.07,4276000000.0,1.58669448308,0.607712123652,8920000000.0,0.239360274781
KO,2018-12-31,31856000000.0,-0.10036712793,11770000000.0,20086000000.0,0.0,10307000000.0,10307000000.0,8700000000.0,919000000.0,8350000000.0,1623000000.0,6434000000.0,1.5,4259000000.0,1.54547569202,0.630524861878,6434000000.0,0.20197137117
KO,2017-12-31,35410000000.0,-0.154145665624,13256000000.0,22154000000.0,0.0,12496000000.0,12496000000.0,7501000000.0,841000000.0,6742000000.0,5560000000.0,1248000000.0,0.29,4272000000.0,1.46160962072,0.625642473877,1248000000.0,0.0352442812765
KO,2016-12-31,41863000000.0,-0.0548832799025,16465000000.0,25398000000.0,0.0,15262000000.0,15262000000.0,8626000000.0,733000000.0,8136000000.0,1586000000.0,6527000000.0,1.49,4317000000.0,1.38378749714,0.606693261353,6527000000.0,0.155913336359
MCD,2019-12-31,21076500000.0,0.00243992922778,0.0,0.0,0.0,2229400000.0,6689800000.0,9069800000.0,1121900000.0,8018100000.0,1992700000.0,6025400000.0,7.88,758100000.0,4.68283435743,0.0,6025400000.0,0.285882380851
MCD,2018-12-31,21025200000.0,-0.0786664563285,0.0,0.0,0.0,2200200000.0,4611200000.0,8822600000.0,981200000.0,7816100000.0,1891800000.0,5924300000.0,7.54,778200000.0,4.14447556008,0.0,5924300000.0,0.281771398132
MCD,2017-12-31,22820400000.0,-0.0731665712232,0.0,0.0,0.0,2231300000.0,6242100000.0,9552700000.0,921300000.0,8573500000.0,3381200000.0,5192300000.0,6.37,807400000.0,3.78810545677,0.0,5192300000.0,0.227528877671
MCD,2016-12-31,24621900000.0,-0.0311297367489,0.0,0.0,0.0,2384500000.0,5976500000.0,7744500000.0,884800000.0,6866000000.0,2179500000.0,4686500000.0,5.44,854400000.0,3.55109150023,0.0,4686500000.0,0.19033868223
MMM,2019-12-31,32136000000.0,-0.0191973142072,17136000000.0,15000000000.0,1911000000.0,7029000000.0,8940000000.0,6174000000.0,0.0,5712000000.0,1130000000.0,4570000000.0,7.81,577000000.0,5.66740728081,0.466766243465,4570000000.0,0.142208115509
MMM,2018-12-31,32765000000.0,0.035000157943,16682000000.0,16083000000.0,1821000000.0,7602000000.0,9423000000.0,7207000000.0,0.0,7000000000.0,1637000000.0,5349000000.0,8.89,588500000.0,5.30398671096,0.490859148482,5349000000.0,0.163253471692
MMM,2017-12-31,31657000000.0,0.0514131987113,16001000000.0,15656000000.0,1850000000.0,6572000000.0,8422000000.0,7820000000.0,322000000.0,7548000000.0,2679000000.0,4858000000.0,7.93,597500000.0,4.57483270769,0.49455096819,4858000000.0,0.153457371198
MMM,2016-12-31,30109000000.0,-0.00545022131202,15040000000.0,15069000000.0,1735000000.0,6111000000.0,8045000000.0,7223000000.0,199000000.0,7053000000.0,1995000000.0,5050000000.0,8.16,604700000.0,4.32843058025,0.50048158358,5050000000.0,0.167723936365
MRK,2019-12-31,46840000000.0,0.107485695371,14112000000.0,32728000000.0,9872000000.0,10615000000.0,20487000000.0,11464000000.0,893000000.0,11464000000.0,1687000000.0,9843000000.0,3.81,2565000000.0,2.20736434109,0.698719043553,9843000000.0,0.210140905209
MRK,2018-12-31,42294000000.0,0.0541348885898,13509000000.0,28785000000.0,9752000000.0,10102000000.0,19854000000.0,8701000000.0,772000000.0,8701000000.0,2508000000.0,6220000000.0,2.32,2664000000.0,1.93057110862,0.680592991914,6220000000.0,0.147065777652
MRK,2017-12-31,40122000000.0,0.0079131810988,12775000000.0,27347000000.0,10208000000.0,9830000000.0,20038000000.0,6521000000.0,754000000.0,6521000000.0,4103000000.0,2394000000.0,0.87,2730000000.0,1.88027656477,0.681596131798,2394000000.0,0.0596680125617
MRK,2016-12-31,39807000000.0,0.00782318092055,13891000000.0,25916000000.0,10124000000.0,9762000000.0,19886000000.0,4659000000.0,693000000.0,4659000000.0,718000000.0,3920000000.0,1.41,2766000000.0,1.83853606028,0.651041274148,3920000000.0,0.0984751425629
MSFT,2019-06-30,1.25843e+11,0.140295396883,42910000000.0,82933000000.0,16876000000.0,23098000000.0,39974000000.0,42959000000.0,2686000000.0,15799000000.0,4448000000.0,39240000000.0,5.06,7673000000.0,1.78137495163,0.659019572006,39240000000.0,0.311817105441
MSFT,2018-06-30,1.1036e+11,0.226903835464,38353000000.0,72007000000.0,14726000000.0,22223000000.0,36949000000.0,35058000000.0,2733000000.0,11527000000.0,19903000000.0,16571000000.0,2.13,7700000000.0,1.62933025404,0.652473722363,16571000000.0,0.150154041319
MSFT,2017-06-30,89950000000.0,0.0542662916081,34261000000.0,55689000000.0,13037000000.0,20020000000.0,33057000000.0,22326000000.0,2222000000.0,453000000.0,1945000000.0,21204000000.0,2.71,7746000000.0,1.51238508682,0.619110617009,21204000000.0,0.235730961645
MSFT,2016-06-30,85320000000.0,-0.0882667236589,32780000000.0,52540000000.0,11988000000.0,19260000000.0,31248000000.0,20182000000.0,1243000000.0,-325000000.0,2953000000.0,16798000000.0,2.1,7925000000.0,1.3735180332,0.615799343647,16798000000.0,0.196882325363
NKE,2019-05-31,39117000000.0,0.0747314339094,21643000000.0,17474000000.0,0.0,12702000000.0,12702000000.0,4801000000.0,0.0,4801000000.0,772000000.0,4029000000.0,2.49,1579700000.0,0.823035096391,0.446711148605,4029000000.0,0.102998696219
NKE,2018-05-31,36397000000.0,0.0595924308588,20441000000.0,15956000000.0,0.0,11511000000.0,11511000000.0,4325000000.0,0.0,4325000000.0,2392000000.0,1933000000.0,1.17,1623800000.0,0.749201374239,0.438387779213,1933000000.0,0.053108772701
NKE,2017-05-31,34350000000.0,0.0609710896961,19038000000.0,15312000000.0,0.0,10563000000.0,10563000000.0,4886000000.0,0.0,4886000000.0,646000000.0,4240000000.0,2.51,1657800000.0,0.669621749409,0.44576419214,4240000000.0,0.123435225619
NKE,2016-05-31,32376000000.0,0.0580046403712,17405000000.0,14971000000.0,0.0,10469000000.0,10469000000.0,4623000000.0,0.0,4623000000.0,863000000.0,3760000000.0,2.16,1697900000.0,0.586513629842,0.462410427477,3760000000.0,0.116135408945
PFE,2019-12-31,51750000000.0,-0.0353607843868,10219000000.0,41531000000.0,8650000000.0,14350000000.0,23000000000.0,17682000000.0,1574000000.0,17682000000.0,1384000000.0,16273000000.0,2.87,5569000000.0,1.44035242291,0.802531400966,16273000000.0,0.31445410628
PFE,2018-12-31,53647000000.0,0.0209530696913,11248000000.0,42399000000.0,8006000000.0,14455000000.0,22461000000.0,11885000000.0,1316000000.0,11885000000.0,706000000.0,11153000000.0,1.87,5872000000.0,1.34850259327,0.790333103435,11153000000.0,0.20789606129
PFE,2017-12-31,52546000000.0,-0.00526275935181,11240000000.0,41306000000.0,7657000000.0,14784000000.0,22441000000.0,12305000000.0,1270000000.0,12305000000.0,-9049000000.0,21308000000.0,3.52,5970000000.0,1.28573786728,0.786092185894,21308000000.0,0.405511361474
PFE,2016-12-31,52824000000.0,0.0813289390186,12329000000.0,40495000000.0,7872000000.0,14837000000.0,22709000000.0,8351000000.0,1186000000.0,8351000000.0,1123000000.0,7215000000.0,1.17,6089000000.0,1.20896249391,0.766602301984,7215000000.0,0.13658564289
PG,2019-06-30,67684000000.0,0.0127483840077,34768000000.0,32916000000.0,1900000000.0,19084000000.0,20984000000.0,5487000000.0,509000000.0,6069000000.0,2103000000.0,3897000000.0,1.43,2503600000.0,2.95254971451,0.486318775486,3897000000.0,0.0575763843744
PG,2018-06-30,66832000000.0,0.0272679762673,34268000000.0,32564000000.0,1900000000.0,18853000000.0,20753000000.0,13711000000.0,506000000.0,13326000000.0,3465000000.0,9750000000.0,3.67,2529300000.0,2.75153385779,0.487251615992,9750000000.0,0.145888197271
PG,2017-06-30,65058000000.0,-0.00369071501861,32535000000.0,32523000000.0,1900000000.0,18568000000.0,20468000000.0,13955000000.0,465000000.0,13257000000.0,3063000000.0,15326000000.0,5.59,2598100000.0,2.64049043935,0.499907774601,15326000000.0,0.235574410526
PG,2016-06-30,65299000000.0,-0.143945253608,32909000000.0,32390000000.0,1900000000.0,18949000000.0,20849000000.0,13441000000.0,579000000.0,13369000000.0,3342000000.0,10508000000.0,3.69,2698900000.0,2.61425959781,0.496025972833,10508000000.0,0.160921300479
TRV,2018-12-31,30282000000.0,0.0477475607224,18291000000.0,11991000000.0,0.0,4297000000.0,4297000000.0,2961000000.0,352000000.0,2961000000.0,438000000.0,2523000000.0,9.28,267400000.0,3.01704966642,0.395977808599,2523000000.0,0.0833168218744
TRV,2017-12-31,28902000000.0,0.0462262443439,17467000000.0,11435000000.0,0.0,4170000000.0,4170000000.0,2730000000.0,369000000.0,2730000000.0,674000000.0,2056000000.0,7.33,276000000.0,2.81765972721,0.395647360044,2056000000.0,0.0711369455401
TRV,2016-12-31,27625000000.0,0.0307835820896,15070000000.0,12555000000.0,0.0,4154000000.0,4154000000.0,4053000000.0,363000000.0,4053000000.0,1039000000.0,3014000000.0,10.28,288100000.0,2.60137457045,0.454479638009,3014000000.0,0.109104072398
TRV,2015-12-31,26800000000.0,-0.0133274427509,13723000000.0,13077000000.0,0.0,4079000000.0,4079000000.0,4740000000.0,373000000.0,4740000000.0,1301000000.0,3439000000.0,10.88,310600000.0,2.3542529468,0.487947761194,3439000000.0,0.128320895522
UNH,2019-12-31,2.42155e+11,0.0703125345308,28117000000.0,2.14038e+11,0.0,35193000000.0,35193000000.0,19685000000.0,1704000000.0,17981000000.0,3742000000.0,13839000000.0,14.33,951000000.0,4.07039337474,0.883888418575,13839000000.0,0.0571493464929
UNH,2018-12-31,2.26247e+11,0.124717263458,26998000000.0,1.99249e+11,0.0,34074000000.0,34074000000.0,17344000000.0,1400000000.0,15944000000.0,3562000000.0,11986000000.0,12.19,963000000.0,3.37741607325,0.880670240931,11986000000.0,0.0529774980442
UNH,2017-12-31,2.01159e+11,0.0882871672798,24112000000.0,1.77047e+11,0.0,29557000000.0,29557000000.0,15209000000.0,1186000000.0,14023000000.0,3200000000.0,10558000000.0,10.72,964000000.0,2.8152284264,0.880134619878,10558000000.0,0.0524858445309
UNH,2016-12-31,1.8484e+11,0.176523006613,24416000000.0,1.60424e+11,0.0,28401000000.0,28401000000.0,12930000000.0,1067000000.0,11863000000.0,4790000000.0,7017000000.0,7.25,952000000.0,2.33574380165,0.867907379355,7017000000.0,0.037962562216
UTX,2018-12-31,66501000000.0,0.111369219714,36754000000.0,29747000000.0,2462000000.0,7066000000.0,8763000000.0,8553000000.0,1038000000.0,8280000000.0,2626000000.0,5269000000.0,6.5,800400000.0,2.67868164424,0.447316581706,5269000000.0,0.0792318912498
UTX,2017-12-31,59837000000.0,0.045297323737,31027000000.0,28810000000.0,2387000000.0,6183000000.0,8570000000.0,8672000000.0,909000000.0,7763000000.0,2843000000.0,4552000000.0,5.7,790000000.0,2.59541984733,0.481474672861,4552000000.0,0.0760733325534
UTX,2016-12-31,57244000000.0,0.0204285357767,30325000000.0,26919000000.0,2337000000.0,6060000000.0,8397000000.0,8172000000.0,1039000000.0,7133000000.0,1697000000.0,5055000000.0,6.12,818200000.0,2.50453940201,0.470250157222,5055000000.0,0.0883061980295
UTX,2015-12-31,56098000000.0,-0.138279569892,29771000000.0,26327000000.0,2279000000.0,5886000000.0,7552000000.0,7291000000.0,0.0,6467000000.0,2111000000.0,7608000000.0,8.61,872700000.0,2.47282608696,0.469303718493,7608000000.0,0.135619808193
V,2019-09-30,22977000000.0,0.114901256732,0.0,0.0,721000000.0,1196000000.0,5212000000.0,15001000000.0,0.0,14884000000.0,2804000000.0,12080000000.0,5.32,1742000000.0,0.998679577465,0.0,12080000000.0,0.525743134439
V,2018-09-30,20609000000.0,0.122616842793,0.0,0.0,686000000.0,1145000000.0,4691000000.0,12954000000.0,0.0,12806000000.0,2505000000.0,10301000000.0,4.42,1792000000.0,0.823529411765,0.0,10301000000.0,0.499830171284
V,2017-09-30,18358000000.0,0.217212571277,0.0,0.0,620000000.0,1060000000.0,4047000000.0,12144000000.0,0.0,8035000000.0,4995000000.0,6699000000.0,2.8,1845000000.0,0.659290187891,0.0,6699000000.0,0.364909031485
V,2016-09-30,15082000000.0,0.0865994236311,0.0,0.0,538000000.0,796000000.0,3464000000.0,7883000000.0,0.0,5607000000.0,2021000000.0,5991000000.0,2.48,1906000000.0,0.559237779619,0.0,5991000000.0,0.397228484286
VZ,2018-12-31,1.30863e+11,0.0383150578415,23323000000.0,1.0754e+11,0.0,31083000000.0,31083000000.0,22278000000.0,4833000000.0,19623000000.0,3584000000.0,15528000000.0,3.76,4128000000.0,2.36495643756,0.821775444549,15528000000.0,0.118658444327
VZ,2017-12-31,1.26034e+11,0.000428639466582,22147000000.0,1.03887e+11,0.0,30110000000.0,30110000000.0,27414000000.0,4733000000.0,20594000000.0,-9956000000.0,30101000000.0,7.36,4084000000.0,2.31645879188,0.824277575892,30101000000.0,0.238832378565
VZ,2016-12-31,1.2598e+11,-0.0428506306033,22238000000.0,1.03742e+11,0.0,31569000000.0,31569000000.0,27059000000.0,4376000000.0,20986000000.0,7378000000.0,13127000000.0,3.21,4080000000.0,2.26676456192,0.823479917447,13127000000.0,0.104199079219
VZ,2015-12-31,1.3162e+11,0.0357336774762,23119000000.0,1.08501e+11,0.0,29986000000.0,29986000000.0,33060000000.0,4920000000.0,28240000000.0,9865000000.0,17879000000.0,4.37,4085000000.0,2.08600048864,0.824350402674,17879000000.0,0.135838018538
WBA,2019-08-31,1.36866e+11,0.040513315645,1.0679e+11,30076000000.0,0.0,25242000000.0,25242000000.0,4998000000.0,704000000.0,4527000000.0,588000000.0,3982000000.0,4.31,921500000.0,1.77910124526,0.219747782503,3982000000.0,0.029094150483
WBA,2018-08-31,1.31537e+11,0.112702387196,1.00745e+11,30792000000.0,0.0,24569000000.0,24569000000.0,6414000000.0,616000000.0,5975000000.0,998000000.0,5024000000.0,5.05,991000000.0,1.74773869347,0.234093829113,5024000000.0,0.038194576431
WBA,2017-08-31,1.18214e+11,0.007354006357,89052000000.0,29162000000.0,0.0,23740000000.0,23740000000.0,5557000000.0,693000000.0,4853000000.0,760000000.0,4078000000.0,3.78,1073500000.0,1.59758924432,0.246688209518,4078000000.0,0.034496760113
WBA,2016-08-31,1.17351e+11,0.134439890182,87477000000.0,29874000000.0,0.0,23910000000.0,23910000000.0,6001000000.0,596000000.0,5144000000.0,997000000.0,4173000000.0,3.82,1083100000.0,1.43249931262,0.25456962446,4173000000.0,0.0355599867065
WMT,2020-01-31,5.23964e+11,0.0185826343057,3.94605e+11,1.29359e+11,0.0,1.08791e+11,1.08791e+11,20568000000.0,0.0,20116000000.0,4915000000.0,14881000000.0,5.19,2850000000.0,2.10878661088,0.246885282195,14881000000.0,0.0284008061623
WMT,2019-01-31,5.14405e+11,0.028104720162,3.85301e+11,1.29104e+11,0.0,1.07147e+11,1.07147e+11,21957000000.0,0.0,11460000000.0,4281000000.0,6670000000.0,2.26,2929000000.0,2.07198641766,0.250977342755,6670000000.0,0.0129664369514
WMT,2018-01-31,5.00343e+11,0.0297814449455,3.73396e+11,1.26947e+11,0.0,1.0651e+11,1.0651e+11,20437000000.0,0.0,15123000000.0,4600000000.0,9862000000.0,3.28,2995000000.0,2.03455149502,0.253719948116,9862000000.0,0.0197104786117
WMT,2017-01-31,4.85873e+11,0.00776346628503,3.61256e+11,1.24617e+11,0.0,1.01853e+11,1.01853e+11,22764000000.0,0.0,20497000000.0,6204000000.0,13643000000.0,4.38,3101000000.0,1.99742930591,0.256480602956,13643000000.0,0.0280793540699
XOM,2019-12-31,2.64938e+11,-0.0870880597632,0.0,0.0,1269000000.0,11398000000.0,50728000000.0,20056000000.0,830000000.0,20056000000.0,5282000000.0,14340000000.0,3.36,4270000000.0,3.43138173302,0.0,14340000000.0,0.0541258709585
XOM,2018-12-31,2.90212e+11,0.187626604682,0.0,0.0,1466000000.0,11480000000.0,50913000000.0,30953000000.0,766000000.0,30953000000.0,9532000000.0,20840000000.0,4.88,4270000000.0,3.23138173302,0.0,20840000000.0,0.071809573691
XOM,2017-12-31,2.44363e+11,0.0808026749936,0.0,0.0,1790000000.0,10956000000.0,46874000000.0,18674000000.0,601000000.0,18674000000.0,-1174000000.0,19710000000.0,4.63,4256000000.0,3.0547462406,0.0,19710000000.0,0.0806586921915
XOM,2016-12-31,2.26094e+11,-0.159133002581,0.0,0.0,1467000000.0,10799000000.0,44193000000.0,7969000000.0,453000000.0,7969000000.0,-406000000.0,7840000000.0,1.88,4177000000.0,2.98132631075,0.0,7840000000.0,0.0346758427911
